<record xmlns="http://www.loc.gov/MARC21/slim" xmlns:xsi="http://www.w3.org/2001/XMLSchema-instance" xsi:schemaLocation="http://www.loc.gov/MARC21/slim http://www.loc.gov/standards/marcxml/schema/MARC21slim.xsd"><leader>02170nam a2200373   4500</leader><controlfield tag="001">3525922</controlfield><controlfield tag="003">NIC</controlfield><controlfield tag="006">m        d        </controlfield><controlfield tag="007">cr cn |||m|||a</controlfield><controlfield tag="008">150116s1969    iq      ob    000 0barar </controlfield><datafield ind1=" " ind2=" " tag="040"><subfield code="a">NNU</subfield><subfield code="b">eng</subfield><subfield code="e">rda</subfield><subfield code="c">NNU</subfield></datafield><datafield ind1="0" ind2="4" tag="050"><subfield code="a">PJ6064.M35</subfield><subfield code="b">Z9</subfield></datafield><datafield ind1="1" ind2=" " tag="100"><subfield code="6">880-01</subfield><subfield code="a">al-&#699;Ubaydi&#772;, Rashi&#772;d &#699;Abd al-Rah&#803;ma&#772;n.</subfield></datafield><datafield ind1="1" ind2="0" tag="245"><subfield code="6">880-02</subfield><subfield code="a">Abu&#772; &#699;Uthma&#772;n al-Ma&#772;zini&#772; wa-madha&#772;hibuhu fi&#772; al-S&#803;arf wa-al-Nah&#803;u&#772;</subfield><subfield code="c">[ta&#700;li&#772;f] Rashi&#772;d &#699;Abd al-Rah&#803;ma&#772;n al-&#699;Ubaydi&#772;.</subfield></datafield><datafield ind1=" " ind2=" " tag="260"><subfield code="6">880-03</subfield><subfield code="a">Baghda&#772;d :</subfield><subfield code="b">Mat&#803;ba&#699;at Salma&#772;n al-A&#699;z&#803;ami&#772;,</subfield><subfield code="c">1969.</subfield></datafield><datafield ind1=" " ind2=" " tag="300"><subfield code="a">online resource (320 pages)</subfield></datafield><datafield ind1=" " ind2=" " tag="336"><subfield code="a">text</subfield><subfield code="2">rdacontent</subfield></datafield><datafield ind1=" " ind2=" " tag="337"><subfield code="a">computer</subfield><subfield code="2">rdamedia</subfield></datafield><datafield ind1=" " ind2=" " tag="338"><subfield code="a">online resource</subfield><subfield code="2">rdacarrier</subfield></datafield><datafield ind1=" " ind2=" " tag="500"><subfield code="a">Cover title: Abu Uthman al-Mazini&#772; and madahibuhu fe-sarf &amp; nahu, by R.A. al-Ubaidi.</subfield></datafield><datafield ind1=" " ind2=" " tag="500"><subfield code="a">Part of the Arabic Collections Online (ACO) project, contributed by Cornell University Libraries.</subfield></datafield><datafield ind1=" " ind2=" " tag="533"><subfield code="a">Electronic reproduction.</subfield><subfield code="b">New York, N.Y. :</subfield><subfield code="c">New York University,</subfield><subfield code="d">2015.</subfield><subfield code="5">NNU</subfield></datafield><datafield ind1="1" ind2="0" tag="600"><subfield code="6">880-04</subfield><subfield code="a">Ma&#772;zini&#772;, Bakr ibn Muh&#803;ammad,</subfield><subfield code="d">active 9th century.</subfield></datafield><datafield ind1="2" ind2=" " tag="710"><subfield code="a">Cornell University.</subfield><subfield code="b">Libraries.</subfield></datafield><datafield ind1="0" ind2=" " tag="730"><subfield code="a">Arabic Collections Online.</subfield></datafield><datafield ind1="0" ind2="8" tag="776"><subfield code="i">Online version:</subfield><subfield code="a">al-&#699;Ubaydi&#772;, Rashi&#772;d &#699;Abd al-Rah&#803;ma&#772;n.</subfield><subfield code="t">Abu&#772; &#699;Uthma&#772;n al-Ma&#772;zini&#772; wa-madha&#772;hibuhu fi&#772; al-S&#803;arf wa-al-Nah&#803;u&#772;.</subfield><subfield code="d">Baghda&#772;d, Mat&#803;ba&#699;at Salma&#772;n al-A&#699;z&#803;ami&#772;, 1969</subfield><subfield code="w">(OCoLC)582642998</subfield></datafield><datafield ind1="0" ind2="8" tag="776"><subfield code="i">Print version:</subfield><subfield code="a">al-&#699;Ubaydi&#772;, Rashi&#772;d &#699;Abd al-Rah&#803;ma&#772;n.</subfield><subfield code="t">Abu&#772; &#699;Uthma&#772;n al-Ma&#772;zini&#772; wa-madha&#772;hibuhu fi&#772; al-S&#803;arf wa-al-Nah&#803;u&#772;</subfield><subfield code="w">(NIC)3525922</subfield><subfield code="w">(DLC)   78233956 </subfield><subfield code="w">(OCoLC)8534533</subfield></datafield><datafield ind1="4" ind2="0" tag="856"><subfield code="u">http://hdl.handle.net/2333.1/jdfn31cq</subfield></datafield><datafield ind1="1" ind2=" " tag="880"><subfield code="6">100-01/r</subfield><subfield code="a">&#1593;&#1576;&#1610;&#1583;&#1610;&#1548; &#1585;&#1588;&#1610;&#1583; &#1593;&#1576;&#1583; &#1575;&#1604;&#1585;&#1581;&#1605;&#1606;.</subfield></datafield><datafield ind1="1" ind2="0" tag="880"><subfield code="6">245-02/r</subfield><subfield code="a">&#1571;&#1576;&#1608; &#1593;&#1579;&#1605;&#1575;&#1606; &#1575;&#1604;&#1605;&#1575;&#1586;&#1606;&#1610; &#1608;&#1605;&#1584;&#1575;&#1607;&#1576;&#1607; &#1601;&#1610; &#1575;&#1604;&#1589;&#1585;&#1601; &#1608;&#1575;&#1604;&#1606;&#1581;&#1608; /</subfield><subfield code="c">&#1585;&#1588;&#1610;&#1583; &#1593;&#1576;&#1583; &#1575;&#1604;&#1585;&#1581;&#1605;&#1606; &#1575;&#1604;&#1593;&#1576;&#1610;&#1583;&#1610;.</subfield></datafield><datafield ind1=" " ind2=" " tag="880"><subfield code="6">260-03/r</subfield><subfield code="a">&#1576;&#1594;&#1583;&#1575;&#1583; :</subfield><subfield code="b">&#1605;&#1591;&#1576;&#1593;&#1577; &#1587;&#1604;&#1605;&#1575;&#1606; &#1575;&#1604;&#1571;&#1593;&#1592;&#1605;&#1610;&#1548;</subfield><subfield code="c">&#1633;&#1641;&#1638;&#1641;.</subfield></datafield><datafield ind1="1" ind2="4" tag="880"><subfield code="6">600-04/r</subfield><subfield code="a">&#1605;&#1575;&#1586;&#1606;&#1610;&#1548; &#1576;&#1603;&#1585; &#1576;&#1606; &#1605;&#1581;&#1605;&#1583;&#1548;</subfield><subfield code="d">active 9th century.</subfield></datafield><datafield ind1=" " ind2=" " tag="959"><subfield code="a">NNU</subfield><subfield code="b">WEB</subfield><subfield code="c">GENI</subfield><subfield code="t">0</subfield><subfield code="m">Electronic access</subfield><subfield code="s">01</subfield></datafield><datafield ind1=" " ind2=" " tag="999"><subfield code="i">NIC_3525922</subfield><subfield code="o">(OCoLC)ocm08534533</subfield></datafield></record>